<?xml version="1.0" encoding="UTF-8"?><collection xmlns="http://www.loc.gov/MARC21/slim"><record><leader>00456nam--2200157-i-4500</leader><controlfield tag="001">000033507</controlfield><controlfield tag="002">20161230</controlfield><controlfield tag="005">20170127195755</controlfield><controlfield tag="008">060222s1000------------r-----000-0-eng-d</controlfield><datafield ind1=" " ind2=" " tag="080"><subfield code="a">512.74(043)</subfield></datafield><datafield ind1=" " ind2=" " tag="100"><subfield code="a">Meyer, Josef</subfield></datafield><datafield ind1=" " ind2=" " tag="245"><subfield code="a">Les puissances tenorielles de l`ideal augmentation d`un groups fini et leurs</subfield><subfield code="b">these</subfield></datafield><datafield ind1=" " ind2=" " tag="260"><subfield code="a">Grenoble</subfield><subfield code="b">Universite Scientifique Et Medicale</subfield><subfield code="c">1979</subfield></datafield><datafield ind1=" " ind2=" " tag="300"><subfield code="a">100 p</subfield></datafield><datafield ind1=" " ind2=" " tag="852"><subfield code="a">49692</subfield></datafield><datafield ind1=" " ind2=" " tag="CAT"><subfield code="a">SYS</subfield><subfield code="c">20170127</subfield><subfield code="h">195755</subfield></datafield></record></collection>